% Encoding: UTF-8

@Book{RichardP.Feynman2011,
  author    = {Richard P. Feynman, Robert B. Leighton, Matthew Sands},
  title     = {Six Easy Pieces},
  year      = {2011},
  date      = {2011-03-11},
  publisher = {Perseus Distribution},
  isbn      = {0465025277},
  pagetotal = {176 Seiten},
  url       = {http://www.ebook.de/de/product/13622985/richard_p_feynman_robert_b_leighton_matthew_sands_six_easy_pieces.html},
  ean       = {9780465025275},
}

@Comment{jabref-meta: databaseType:biblatex;}
